% ------------------------------------------------------------------------
% SAMPLE BIBLIOGRAPHY FILE
% ------------------------------------------------------------------------

% ------------------------------------------------------------------------
@book{batchelor2000introduction,
  title={An introduction to fluid dynamics},
  author={Batchelor, G K},
  year={2000},
  publisher={Cambridge university press}
}
% ------------------------------------------------------------------------
@misc{acheson1991elementary,
  title={Elementary fluid dynamics},
  author={Acheson, David J},
  year={1991},
  publisher={Acoustical Society of America}
}
% ------------------------------------------------------------------------
